


@TECHREPORT{fitcrackSprava,
   author = {Radek Hranick{\'{y}} and Luk{\'{a}}{\v{s}} Zobal and
	Vojt{\v{e}}ch Ve{\v{c}}e{\v{r}}a},
   title = {Distribuovan{\'{a}} obnova hesel},
   pages = {14},
   year = {2017},
   NUMBER =   {FIT-TR-2017-04, CZ},
   language = {czech},
   url = {http://www.fit.vutbr.cz/research/view_pub.php?id=11568}
}



    
@INPROCEEDINGS{boinccitace,
    author={D. P. Anderson},
    title={BOINC: a system for public-resource computing and storage},
    booktitle={Grid Computing, 2004. Proceedings. Fifth IEEE/ACM International Workshop on},
    year={2004},
    pages={4-10},
    ISSN={1550-5510},
    month={Nov},
}


@MASTERTHESIS{dizertackaREST,
      author =       "Roy Thomas Fielding",
      title =        "{\it Architectural Styles and the Design of Network-based Software Architectures}",
      school =    "University of California",
      year =        "2000",
      note={{University} of California, Irvine Doctoral dissertation, {ISBN:} 0-599-87118-0}
}




@techreport{httpRFC,
  author = {Roy T. Fielding and James Gettys and Jeffrey C. Mogul and Henrik Frystyk Nielsen and Larry Masinter and Paul J. Leach and Tim Berners-Lee},
  title = {Hypertext Transfer Protocol -- HTTP/1.1},
  howpublished = {Internet Requests for Comments},
  type = {RFC},
  number = {2616},
  year = {1999},
  month = {June},
  issn = {2070-1721},
  publisher = {RFC Editor},
  institution = {RFC Editor},
  url = {http://www.rfc-editor.org/rfc/rfc2616.txt},
}




@techreport{httpsRFC,
  author = {E. Rescorla},
  title = {HTTP Over TLS},
  howpublished = {Internet Requests for Comments},
  type = {RFC},
  number = {2818},
  year = {2000},
  month = {May},
  issn = {2070-1721},
  publisher = {RFC Editor},
  institution = {RFC Editor},
  url = {http://www.rfc-editor.org/rfc/rfc2818.txt},
}




@techreport{URIRFC,
  author = {Tim Berners-Lee and Roy T. Fielding and Larry Masinter},
  title = {Uniform Resource Identifier (URI): Generic Syntax},
  howpublished = {Internet Requests for Comments},
  type = {STD},
  number = {66},
  year = {2005},
  month = {January},
  issn = {2070-1721},
  publisher = {RFC Editor},
  institution = {RFC Editor},
  url = {http://www.rfc-editor.org/rfc/rfc3986.txt},
  note = {\url{http://www.rfc-editor.org/rfc/rfc3986.txt}},
}
















































@BOOK{Pravidla,
      author =       "Zdeněk Hlavsa and others",
      title =        "{\it Pravidla českého pravopisu}",
      publisher =    "Academia",
      year =         "2005",
      isbn =         "80-200-1327-X",
    }
    
    @BOOK{Knuth,
      author =       "Donald E. Knuth",
      title =        "{\it The {\TeX}book}",
      publisher =    "Addison-Wesley Publishing Company",
      year =         "1996",
      isbn =         "0-201-13447-0",
    }
    
    @BOOK{Rybicka,
      author =       "Jiří Rybička",
      title =        "{\it {\LaTeX} pro začátečníky}",
      publisher =    "Konvoj",
      year =         "1999",
      isbn =         "ISBN~80-85615-77-0",
    }

    @BOOK{Olsak,
      author =       "Petr Olšák",
      title =        "{\it {\TeX}book naruby}",
      publisher =    "Konvoj",
      year =         "2001",
      isbn =         "I80-7302-0007-6",
    }

    @BOOK{Eikh,
      author =       "Victor Eikhout",
      title =        "{\it {\TeX}by Topics, a {\TeX}nitian's Reference }",
      publisher =    "Addison-Wesley UK",
      year =         "2001",
      isbn =         "0-201-56882-9",
    }

   @MISC{cstugWeb,
      author =       "Petr Sojka and others",
      title =        "{\it Československé sdružení uživatelů {\TeX}u}",
      url =          "http://www.cstug.cz",
      note =         "[Online; navštíveno 12.05.2016]"
   }

   @MISC{fitWeb,
      author =       "Zdena Rábová and Petr Hanáček and Petr Peringer and Petr Přikryl and Bohuslav Křena",
      title =        "{\it Užitečné rady pro psaní odborného textu}",
      howpublished = "FIT VUT v Brně",
      year =         "2008",
      month =        Nov,
      url =          "http://www.fit.vutbr.cz/info/statnice/psani_textu.html",
      note =         "[Online; navštíveno 12.05.2015]"
   }

   @MISC{citace,
      author =       "Zdena Rábová and Petr Hanáček and Petr Peringer and Petr Přikryl and Bohuslav Křena",
      title =        "{\it Pravidla pro bibliografické citace}",
      howpublished = "FIT VUT v Brně",
      year =         "2014",
      month =        Mar,
      url =          "http://www.fit.vutbr.cz/info/szz/bib_citace.html",
      note =         "[Online; navštíveno 12.07.2016]"
   }
   
   @MISC{biblio,
      author =       "Olga Biernátová and Jan Skůpa",
      title =        "{\it Bibliografické odkazy a citace dokumentů}",
      url =          "http://www.citace.com/download/CSN-ISO-690.pdf",
      month =        Sep,
      year =         "2011",
      note =         "[Online; navštíveno 14.07.2017]"
   }
   
   @MISC{formalniBP,
      author =       "Zdena Rábová and Petr Přikryl and Petr Peringer and Petr Lampa and Bohuslav Křena",
      title =        "{\it Závazné pokyny pro vypracování a odevzdání bakalářské práce}",
      url =          "http://www.fit.vutbr.cz/info/szz/pokyny_bp.php",
      note =         "[Online; navštíveno 30.06.2016]"
   }
   
   @MISC{formalniDP,
      author =       "Zdena Rábová and Petr Přikryl and Petr Peringer and Petr Lampa and Bohuslav Křena",
      title =        "{\it Závazné pokyny pro vypracování a odevzdání diplomové práce}",
      url =          "http://www.fit.vutbr.cz/info/szz/pokyny_dp.php",
      note =         "[Online; navštíveno 30.06.2016]"
   }
   
   @MISC{smernice,
      author =       "Miroslav Doupovec and Kamil Gregorek",
      title =        "{\it Směrnice rektora č. 2/2009 -- Úprava, odevzdávání, zveřejňování a uchovávání vysokoškolských kvalifikačních prací}",
      url =          "https://www.vutbr.cz/uredni-deska/vnitrni-predpisy-a-dokumenty/smernice-rektora-f34920/smernice-rektora-c-2-2009-uprava-odevzdavani-zverejnovani-a-uchovavani-vysokoskolskych-kvalifikacnich-praci-d39448/",
      note =         "[Online; navštíveno 30.06.2016]"
   }
   
   @MISC{prirucka,
      key =          "Cerna",
      author =       "Anna Černá and Jan Chromý and Hana Konečná and others",
      title =        "{\it Internetová jazyková příručka -- Ústav pro jazyk český Akademie věd ČR, v. v. i.}",
      howpublished = "Centrum zpracování přirozeného jazyka FI MU",
      url =          "http://prirucka.ujc.cas.cz/",
      note =         "[Online; navštíveno 15.07.2016]"
   }
   
   @MISC{Herout,
      author =       "Adam Herout",
      title =        "{\it herout.net -- Poznámky učitele, kouče, čtenáře.}",
      url =          "http://www.herout.net/",
      note =         "[Online; navštíveno 15.07.2016]"
   }
   
   @MISC{chyby,
      author =       "Igor Szöke",
      title =        "{\it Textová část BP/DP - Lessons learned}",
      url =          "http://blog.igor.szoke.cz/2012/01/textova-cast-bpdp-lessons-learned-1.html",
      note =         "[Online; navštíveno 15.07.2016]"
   }
   
   @MISC{rady,
      author =       "Igor Szöke",
      title =        "{\it Píšete diplomku? 15+1 rad, které vám pomohou.}",
      url =          "http://blog.igor.szoke.cz/2011/12/pisete-diplomku-151-rad-ktere-vam.html",
      note =         "[Online; navštíveno 15.07.2016]"
   }
   
   @MISC{Beran,
      author =       "Vítězslav Beran",
      title =        "{\it Beran-BP DP Projekty}",
      url =          "http://merlin.fit.vutbr.cz/wiki/index.php/Beran-BP_DP_Projekty",
      note =         "[Online; navštíveno 15.07.2016]"
   }

   @MISC{BeranPDF,
      author =       "Vítězslav Beran",
      title =        "{\it Jak psát technickou zprávu}",
      url =          "http://www.fit.vutbr.cz/~beranv/podpora/Jak%20psat%20technickou%20zpravu.pdf",
      note =         "[Online; navštíveno 15.07.2016]"
   }
   
   @MISC{Cernocky,
      key =          "Cernocky",
      author =       "Jan Černocký",
      title =        "{\it Cernocky BP DP-obecne}",
      url =          "http://merlin.fit.vutbr.cz/wiki/index.php/Cernocky_BP_DP-obecne",
      note =         "[Online; navštíveno 25.07.2016]"
   }
   
   @MISC{CernockyEnglish,
      key =          "Cernocky",
      author =       "Jan Černocký",
      title =        "{\it English SOS}",
      url =          "https://merlin.fit.vutbr.cz/wiki/index.php/English_SOS",
      note =         "[Online; navštíveno 25.07.2016]"
   }
   
   @MISC{Zemcik,
      author =       "Pavel Zemčík",
      title =        "{\it Všeobecné pokyny pro studenty a vůbec}",
      url =          "http://www.fit.vutbr.cz/~zemcik/Pokyny.pdf",
      note =         "[Online; navštíveno 25.07.2016]"
   }
   
   @BOOK{Lebrun2011,
      author =       {Jean-Luc Lebrun},
      title =        {Scientific Writing 2.0: a reader and writer's guide},
      publisher =    {World Scientific Publishing},
      year =         {2011},
      note =         {ISBN: 9814350605},
      owner =        {herout},
      timestamp =    {2015.01.20}
  }
  